    @manual{elm:2012,
      title  = "Elm: Concurrent FRP for Functional GUIs",
      author = "Evan Czaplicki",
      url    = "https://elm-lang.org/assets/papers/concurrent-frp.pdf",
      year   = "2012"
    }
    
    @misc{tryelm,
      title  = "Try Elm",
      url    = "https://elm-lang.org/try",
    }
    @misc{installelm,
      title  = "Install Elm",
      url    = "https://guide.elm-lang.org/install/elm.html",
    }
    @misc{npm,
      title  = "Npm Elm",
      url    = "https://www.npmjs.com/package/elm",
    }
    @misc{elmpofficial,
      title  = "Elm zvaniƒçna veb stranica",
      url    = "https://elm-lang.org",
    }
    @manual{eczaplicki:2015,
      title  = "Github comment",
      author = "Evan Czaplicki",
      url    = "https://github.com/elm/elm-lang.org/issues/408#issuecomment-151656681",
      year   = "2015"
    }